@article{DBLP:journals/corr/abs-1211-4974,
  author    = {Akitoshi Kawamura,
               Norbert Th. M{\"u}ller 
               Carsten R{\"o}snick 
               Martin Ziegler},
  title     = {Parameterized Uniform Complexity in Numerics: from Smooth
               to Analytic, from NP-hard to Polytime},
  journal   = {CoRR},
  volume    = {abs/1211.4974},
  year      = {2012},
  ee        = {http://arxiv.org/abs/1211.4974},
  bibsource = {DBLP, http://dblp.uni-trier.de}
}
@MISC{Mula:,
    author = {Norbert Th. M\"{u}ller},
    title = {The iRRAM: Exact Arithmetic in C++},
    year = {}
}

@article{DBLP:journals/corr/abs-1211-4974,
  author    = {Norbert Th. M{\"u}ller},
  title     = {Constructive aspects of analytic functions},
  journal   = {Computability
and Complexity in Analysis (Ker-I Ko and Klaus Weihrauch, eds.)},
  volume    = {Informatik Berichte, vol. 190, FernUniversit"\[a}t Hagen},
  year      = {1995},
}
